<record xmlns:xsi="http://www.w3.org/2001/XMLSchema-instance" xmlns="http://www.loc.gov/MARC21/slim" xsi:schemaLocation="http://www.loc.gov/MARC21/slim http://www.loc.gov/standards/marcxml/schema/MARC21slim.xsd">

  <leader>00716nam a2200217   4500</leader>
  <controlfield tag="008">150803b2011    S  ||||| |||| 00| | spa d</controlfield>
  <datafield ind2=" " tag="020" ind1=" ">
    <subfield code="a">9788427718043</subfield>
  </datafield>
  <datafield tag="090" ind1=" " ind2=" ">
    <subfield code="a">06.02.01</subfield>
    <subfield code="b"> 2154 </subfield>
  </datafield>
  <datafield ind1="1" tag="100" ind2=" ">
    <subfield code="9">690</subfield>
    <subfield code="a">Segura, Manuel</subfield>
  </datafield>
  <datafield ind2="0" ind1="1" tag="245">
    <subfield code="a">El aula de convivencia: materiales educativos para su buen funcionamiento /</subfield>
    <subfield code="c">Manuel Segura, Angela Muñoz, Ma. del Mar Gil</subfield>
  </datafield>
  <datafield ind2=" " ind1=" " tag="260">
    <subfield code="a">Madrid :</subfield>
    <subfield code="b">Narcea S.A. de Ediciones,</subfield>
    <subfield code="c">c2011</subfield>
  </datafield>
  <datafield tag="300" ind1=" " ind2=" ">
    <subfield code="a">107 páginas</subfield>
  </datafield>
  <datafield ind2=" " tag="490" ind1=" ">
    <subfield code="a">Educación Hoy</subfield>
  </datafield>
  <datafield ind1="1" tag="650" ind2="4">
    <subfield code="9">1</subfield>
    <subfield code="a">EDUCACIÓN</subfield>
  </datafield>
  <datafield ind1="1" tag="650" ind2="4">
    <subfield code="9">691</subfield>
    <subfield code="a">CONVIVENCIA ESCOLAR</subfield>
  </datafield>
  <datafield ind2="4" tag="650" ind1="1">
    <subfield code="9">692</subfield>
    <subfield code="a">SOLUCIÓN DE CONFLICTOS</subfield>
  </datafield>
  <datafield ind1="1" tag="650" ind2="4">
    <subfield code="9">693</subfield>
    <subfield code="a">VALORES MORALES</subfield>
  </datafield>
  <datafield ind1="1" tag="700" ind2=" ">
    <subfield code="9">694</subfield>
    <subfield code="a">Muñoz, Angela</subfield>
  </datafield>
  <datafield tag="700" ind1="1" ind2=" ">
    <subfield code="9">695</subfield>
    <subfield code="a">Gil, María del Mar </subfield>
  </datafield>
  <datafield tag="942" ind1=" " ind2=" ">
    <subfield code="2">z</subfield>
    <subfield code="c">01</subfield>
  </datafield>
  <datafield ind2=" " ind1=" " tag="999">
    <subfield code="c">2758</subfield>
    <subfield code="d">2758</subfield>
  </datafield>
</record>